<?xml version="1.0" encoding="UTF-8"?><collection xmlns="http://www.loc.gov/MARC21/slim"><record><leader>00383nam--2200133-i-4500</leader><controlfield tag="001">000049706</controlfield><controlfield tag="002">20161230</controlfield><controlfield tag="005">20161230201047</controlfield><controlfield tag="008">060222s1000------------r-----000-0-eng-d</controlfield><datafield ind1=" " ind2=" " tag="080"><subfield code="a">621.316</subfield></datafield><datafield ind1=" " ind2=" " tag="100"><subfield code="a">Arion,V.,Karatun,V.S. I Pasinkovskii,P.A</subfield></datafield><datafield ind1=" " ind2=" " tag="245"><subfield code="a">Optimizaciia sistem elektrosnabzhniia v usloviiah neopredelennosti</subfield></datafield><datafield ind1=" " ind2=" " tag="260"><subfield code="a">Kishinev, Shtiinca, 1991. 164 S</subfield></datafield><datafield ind1=" " ind2=" " tag="852"><subfield code="a">79798</subfield></datafield></record></collection>